02RETORNO01COBRANCA       00000000000004871164COP. DE CRED DOS MED, OUTROS P237BRADESCO       2802180160000000527                                                                                                                                                                                                                                                                          010318         000001
102369002560001000000009033811077304P12302000137              0000000012302000137P0000000000000000000000000906280218271       0000000012302000137P280218000000003667000103409  000000000000000000000000000000000000000000000000000000000000000000000000000000000000003667000000000000000000000000000   010318             00000000000000                                                                  000002
9201237          000538960000282442585900000527          00000000000000000000000036670000010000000366700000000000000000000000000000000000000000000000000000000000000000000000000000000000000                                                                                                                                                                              00000000000000000000000         000003
